[gd_scene load_steps=14 format=3 uid="uid://bq643xdpke8vw"]

[ext_resource type="Texture2D" uid="uid://28v6d3j2a7bc" path="res://assests/background/cityskyline.png" id="1_3s1ei"]
[ext_resource type="Script" path="res://scenes/menu.gd" id="1_mpqsh"]
[ext_resource type="Texture2D" uid="uid://jdhbimpfbnmw" path="res://assests/PNG/coin_collector.png" id="2_d2b2j"]
[ext_resource type="AudioStream" uid="uid://dpmgced2pkljh" path="res://assests/music/Frog Suit Power Up - Chiptune⧸8-bit - Royalty Free Music [VLlk1GQ10qU].ogg" id="3_npb7n"]
[ext_resource type="AudioStream" uid="uid://be00p574ct0bw" path="res://assests/Audio/8-Bit jingles/jingles_NES02.ogg" id="4_x8mon"]
[ext_resource type="AudioStream" uid="uid://dglqcr87s4e21" path="res://assests/Audio/collectcoin-6075.mp3" id="5_yu73d"]
[ext_resource type="Texture2D" uid="uid://c3udw53t8a2fp" path="res://assests/buttons/play.png" id="6_ee6hs"]
[ext_resource type="Texture2D" uid="uid://ul53hyyldxht" path="res://assests/Spritesheet/exit_btn.png" id="7_rwur4"]

[sub_resource type="Animation" id="Animation_7he4b"]
length = 0.001
tracks/0/type = "value"
tracks/0/imported = false
tracks/0/enabled = true
tracks/0/path = NodePath(".:modulate")
tracks/0/interp = 1
tracks/0/loop_wrap = true
tracks/0/keys = {
"times": PackedFloat32Array(0),
"transitions": PackedFloat32Array(1),
"update": 0,
"values": [Color(1, 1, 1, 0)]
}
tracks/1/type = "bezier"
tracks/1/imported = false
tracks/1/enabled = true
tracks/1/path = NodePath("music:volume_db")
tracks/1/interp = 1
tracks/1/loop_wrap = true
tracks/1/keys = {
"handle_modes": PackedInt32Array(0),
"points": PackedFloat32Array(0, -0.25, 0, 0.25, 0),
"times": PackedFloat32Array(0)
}
tracks/2/type = "bezier"
tracks/2/imported = false
tracks/2/enabled = true
tracks/2/path = NodePath(".:modulate:r")
tracks/2/interp = 1
tracks/2/loop_wrap = true
tracks/2/keys = {
"handle_modes": PackedInt32Array(0),
"points": PackedFloat32Array(1, -0.25, 0, 0.25, 0),
"times": PackedFloat32Array(0)
}
tracks/3/type = "bezier"
tracks/3/imported = false
tracks/3/enabled = true
tracks/3/path = NodePath(".:modulate:g")
tracks/3/interp = 1
tracks/3/loop_wrap = true
tracks/3/keys = {
"handle_modes": PackedInt32Array(0),
"points": PackedFloat32Array(1, -0.25, 0, 0.25, 0),
"times": PackedFloat32Array(0)
}
tracks/4/type = "bezier"
tracks/4/imported = false
tracks/4/enabled = true
tracks/4/path = NodePath(".:modulate:b")
tracks/4/interp = 1
tracks/4/loop_wrap = true
tracks/4/keys = {
"handle_modes": PackedInt32Array(0),
"points": PackedFloat32Array(1, -0.25, 0, 0.25, 0),
"times": PackedFloat32Array(0)
}
tracks/5/type = "bezier"
tracks/5/imported = false
tracks/5/enabled = true
tracks/5/path = NodePath(".:modulate:a")
tracks/5/interp = 1
tracks/5/loop_wrap = true
tracks/5/keys = {
"handle_modes": PackedInt32Array(0),
"points": PackedFloat32Array(0.777778, -0.25, 0, 0.25, 0),
"times": PackedFloat32Array(0)
}

[sub_resource type="Animation" id="Animation_8ae42"]
resource_name = "default"
tracks/0/type = "value"
tracks/0/imported = false
tracks/0/enabled = true
tracks/0/path = NodePath(".:modulate")
tracks/0/interp = 1
tracks/0/loop_wrap = true
tracks/0/keys = {
"times": PackedFloat32Array(0, 1),
"transitions": PackedFloat32Array(1, 1),
"update": 0,
"values": [Color(1, 1, 1, 0), Color(1, 1, 1, 1)]
}

[sub_resource type="Animation" id="Animation_64tb5"]
resource_name = "play"
tracks/0/type = "audio"
tracks/0/imported = false
tracks/0/enabled = true
tracks/0/path = NodePath("snd")
tracks/0/interp = 1
tracks/0/loop_wrap = true
tracks/0/keys = {
"clips": [{
"end_offset": 0.0,
"start_offset": 0.0,
"stream": ExtResource("4_x8mon")
}],
"times": PackedFloat32Array(0)
}
tracks/0/use_blend = true
tracks/1/type = "value"
tracks/1/imported = false
tracks/1/enabled = true
tracks/1/path = NodePath(".:modulate")
tracks/1/interp = 1
tracks/1/loop_wrap = true
tracks/1/keys = {
"times": PackedFloat32Array(0, 0.9),
"transitions": PackedFloat32Array(1, 1),
"update": 0,
"values": [Color(1, 1, 1, 1), Color(1, 1, 1, 0)]
}
tracks/2/type = "method"
tracks/2/imported = false
tracks/2/enabled = true
tracks/2/path = NodePath(".")
tracks/2/interp = 1
tracks/2/loop_wrap = true
tracks/2/keys = {
"times": PackedFloat32Array(0.9),
"transitions": PackedFloat32Array(1),
"values": [{
"args": [],
"method": &"play_game"
}]
}

[sub_resource type="Animation" id="Animation_h4kgv"]
resource_name = "exit"
tracks/0/type = "method"
tracks/0/imported = false
tracks/0/enabled = true
tracks/0/path = NodePath(".")
tracks/0/interp = 1
tracks/0/loop_wrap = true
tracks/0/keys = {
"times": PackedFloat32Array(1),
"transitions": PackedFloat32Array(1),
"values": [{
"args": [],
"method": &"exit_game"
}]
}
tracks/1/type = "audio"
tracks/1/imported = false
tracks/1/enabled = true
tracks/1/path = NodePath("snd")
tracks/1/interp = 1
tracks/1/loop_wrap = true
tracks/1/keys = {
"clips": [{
"end_offset": 0.0,
"start_offset": 0.0,
"stream": ExtResource("5_yu73d")
}],
"times": PackedFloat32Array(0)
}
tracks/1/use_blend = true
tracks/2/type = "bezier"
tracks/2/imported = false
tracks/2/enabled = true
tracks/2/path = NodePath("music:volume_db")
tracks/2/interp = 1
tracks/2/loop_wrap = true
tracks/2/keys = {
"handle_modes": PackedInt32Array(0, 0),
"points": PackedFloat32Array(0, -0.25, 0, 0.25, 0, -80, -0.25, 0, 0.25, 0),
"times": PackedFloat32Array(0, 0.9)
}
tracks/3/type = "bezier"
tracks/3/imported = false
tracks/3/enabled = true
tracks/3/path = NodePath(".:modulate:r")
tracks/3/interp = 1
tracks/3/loop_wrap = true
tracks/3/keys = {
"handle_modes": PackedInt32Array(0, 0),
"points": PackedFloat32Array(1, -0.25, 0, 0.25, 0, 0, -0.25, 0, 0.25, 0),
"times": PackedFloat32Array(0, 0.9)
}
tracks/4/type = "bezier"
tracks/4/imported = false
tracks/4/enabled = true
tracks/4/path = NodePath(".:modulate:g")
tracks/4/interp = 1
tracks/4/loop_wrap = true
tracks/4/keys = {
"handle_modes": PackedInt32Array(0, 0),
"points": PackedFloat32Array(1, -0.25, 0, 0.25, 0, 0, -0.25, 0, 0.25, 0),
"times": PackedFloat32Array(0, 0.9)
}
tracks/5/type = "bezier"
tracks/5/imported = false
tracks/5/enabled = true
tracks/5/path = NodePath(".:modulate:b")
tracks/5/interp = 1
tracks/5/loop_wrap = true
tracks/5/keys = {
"handle_modes": PackedInt32Array(0, 0),
"points": PackedFloat32Array(1, -0.25, 0, 0.25, 0, 0, -0.25, 0, 0.25, 0),
"times": PackedFloat32Array(0, 0.9)
}
tracks/6/type = "bezier"
tracks/6/imported = false
tracks/6/enabled = true
tracks/6/path = NodePath(".:modulate:a")
tracks/6/interp = 1
tracks/6/loop_wrap = true
tracks/6/keys = {
"handle_modes": PackedInt32Array(0, 0),
"points": PackedFloat32Array(0.777778, -0.25, 0, 0.25, 0, 0.776471, -0.25, 0, 0.25, 0),
"times": PackedFloat32Array(0, 0.9)
}

[sub_resource type="AnimationLibrary" id="AnimationLibrary_hn2jx"]
_data = {
"RESET": SubResource("Animation_7he4b"),
"default": SubResource("Animation_8ae42"),
"exit": SubResource("Animation_h4kgv"),
"play": SubResource("Animation_64tb5")
}

[node name="Menu" type="Control"]
modulate = Color(1, 1, 1, 0.777778)
self_modulate = Color(0, 0, 0, 1)
layout_mode = 3
anchors_preset = 15
anchor_right = 1.0
anchor_bottom = 1.0
grow_horizontal = 2
grow_vertical = 2
script = ExtResource("1_mpqsh")

[node name="Cityskyline" type="Sprite2D" parent="."]
position = Vector2(317.361, 574)
scale = Vector2(1.05556, 1.05556)
texture = ExtResource("1_3s1ei")

[node name="CoinCollector" type="Sprite2D" parent="."]
position = Vector2(320, 128)
texture = ExtResource("2_d2b2j")

[node name="AnimationPlayer" type="AnimationPlayer" parent="."]
autoplay = "default"
libraries = {
"": SubResource("AnimationLibrary_hn2jx")
}

[node name="music" type="AudioStreamPlayer" parent="."]
stream = ExtResource("3_npb7n")
autoplay = true

[node name="play_btn" type="TouchScreenButton" parent="."]
position = Vector2(232, 320)
texture_normal = ExtResource("6_ee6hs")

[node name="snd" type="AudioStreamPlayer" parent="."]
stream = ExtResource("5_yu73d")

[node name="exit_btn" type="TouchScreenButton" parent="."]
position = Vector2(248, 456)
texture_normal = ExtResource("7_rwur4")

[connection signal="pressed" from="play_btn" to="." method="_on_play_btn_pressed"]
[connection signal="pressed" from="exit_btn" to="." method="_on_exit_btn_pressed"]
